
@techreport{rizzie_elaboration_2008,
	type = {Vol 5},
	title = {Elaboration on the {Hexagonal} {Grid} and {Spiral} {Method} for {Data} {Collection} {Via} {Pole} {Figures}},
	url = {http://www.bsu.edu/libraries/beneficencepress/mathexchange/05-01/rizzie.pdf},
	urldate = {2016-12-13},
	author = {Rizzie, Anthony C.},
	year = {2008},
	pages = {10--17},
	file = {-Rizzie.pdf:/Users/creuzige/Zotero/storage/AEGNVUXJ/-Rizzie.pdf:application/pdf}
}

@book{klug_x-ray_1974,
	edition = {2nd},
	title = {X-{Ray} {Diffraction} {Procedures}},
	isbn = {0-471-49369-4},
	shorttitle = {{XRayDiff}},
	publisher = {John Wiley \& Sons Inc},
	author = {Klug, Harold P. and Alexander, Leroy E.},
	year = {1974}
}

@article{matthies_optimization_1992,
	title = {Optimization of {Texture} {Measurements} by {Pole} {Figure} {Coverage} with {Hexagonal} {Grids}},
	volume = {133},
	journal = {Physica Status Solidi A},
	author = {Matthies, S. and Wenk, Hans-Rudolf},
	year = {1992},
	pages = {253--257},
	file = {88611.pdf:/Users/creuzige/Zotero/storage/W3NWV245/88611.pdf:application/pdf}
}

@article{creuziger_assessment_2018,
	title = {Assessment of {Bias} {Errors} {Caused} by {Texture} and {Sampling} {Methods} in {Diffraction}-{Based} {Steel} {Phase} {Measurements}},
	volume = {51},
	doi = {https://doi.org/10.1107/S160057671800420X},
	journal = {Journal of Applied Crystallography},
	author = {Creuziger, Adam and Calhoun, Chris and Poling, Whitney and Gnaupel-Herold, Thomas},
	month = mar,
	year = {2018},
	pages = {720--731},
	file = {Creuziger-2018-Journal of Applied Crystallography.pdf:/Users/creuzige/Zotero/storage/RFXPKT84/Creuziger-2018-Journal of Applied Crystallography.pdf:application/pdf}
}

@misc{creuziger_dataset:_2018,
	title = {{DataSet}: {Assessment} of {Bias} {Errors} {Caused} by {Texture} and {Sampling} {Methods} in {Diffraction}-{Based} {Steel} {Phase} {Measurements}},
	url = {https://github.com/usnistgov/Texture-Sampling-PhaseMeasurement-BiasErrors},
	journal = {GitHub},
	author = {Creuziger, Adam and Calhoun, Chris and Poling, Whitney and Gnaupel-Herold, Thomas},
	month = apr,
	year = {2018},
	note = {Commit 176069b}
}

@article{holden_spiralscanning_1953,
	title = {A {Spiral}‐{Scanning} {X}‐{Ray} {Reflection} {Goniometer} for the {Rapid} {Determination} of {Preferred} {Orientations}},
	volume = {24},
	issn = {0034-6748, 1089-7623},
	url = {http://aip.scitation.org/doi/10.1063/1.1770508},
	doi = {10.1063/1.1770508},
	language = {en},
	number = {1},
	urldate = {2021-05-24},
	journal = {Review of Scientific Instruments},
	author = {Holden, A. N.},
	month = jan,
	year = {1953},
	pages = {10--12},
	file = {Holden - 1953 - A Spiral‐Scanning X‐Ray Reflection Goniometer for .pdf:/Users/creuzige/Zotero/storage/ILVJE768/Holden - 1953 - A Spiral‐Scanning X‐Ray Reflection Goniometer for .pdf:application/pdf}
}
