@book{Callister,
  author         = {William D. Callister and David G. Rethwisch},
  editor         = {},
  title          = {Fundamentals of Materials Science and Engineering: An Integrated Approach, 5th Edition},
  publisher      = {John Wiley and Sons},
  year           = {2001}
}
@misc{Raabe,
  author       = {D. Raabe},
  title        = {Textures of Steels},
  howpublished = {Online},
  year         = {2003}
}
@misc{Schields,
  author       = {P. J. Schields},
  title        = {How waves reveal the atomic structure of crystals: Bragg's Law and Diffraction},
  howpublished = {Online},
  year         = {2004}
}
@manual{Helmholtz,
  title        = {ETA Diffractometer - Microstructure and Residual Stress Analysis},
  author       = {Helmholtz-Zentrum Berlin für Materialien und Energie}
}
@book{Shackelford,
  author         = {J. F. Shackelford},
  editor         = {},
  title          = {Introduction to Materials Science for Engineers},
  publisher      = {Pearson/Prentice Hall},
  year           = {2005}
}
@Article{Creuziger,
  author = 	 {A. Creuziger and C. A. Calhoun and W. A. Poling and T. Gn\"{a}upel-Herold},
  title = 	 {{Assessment of Bias Errors Caused by Texture and Sampling Methods in Diffraction-Based Steel Phase Measurements}},
  journal = 	 {{Journal of Applied Crystallography}},
  OPTcrossref =  {},
  OPTkey = 	 {},
  OPTpages = 	 {720-731},
  year = 	 {2018},
  OPTeditor = 	 {},
  OPTvolume = 	 {51},
  OPTnumber = 	 {},
  OPTseries = 	 {},
  address = 	 {Place (Country)},
  OPTmonth = 	 {},
  OPTorganization = {},
  OPTpublisher = {},
  OPTnote = 	 {},
  OPTannote = 	 {},
  url = {}
}
@Article{Jacques,
  author = 	 {P. J. Jacques and S. Allain and O. Bouaziz and A. De and A.-F. Gourgues and B. M. Hance and Y. Houbaert and J. Huang and A. Iza-Mendia and S. E. Kruger and M. Radu and L. Samek and J. Speer and L. Zhao and S. van der Zwaag},
  title = 	 {{On Measurement of Retained Austenite in Multiphase TRIP Steels—Results of Blind Round Robin Test Involving Six Different Techniques.}},
  journal = 	 {{Materials Science and Technology}},
  OPTcrossref =  {},
  OPTkey = 	 {},
  OPTpages = 	 {567-574},
  year = 	 {2009},
  OPTeditor = 	 {},
  OPTvolume = 	 {25},
  OPTnumber = 	 {5},
  OPTseries = 	 {},
  address = 	 {Place (Country)},
  OPTmonth = 	 {},
  OPTorganization = {},
  OPTpublisher = {},
  OPTnote = 	 {},
  OPTannote = 	 {},
  url = {}
}

@techreport{Rollett1,
  author      = {A.D. Rollett},
  title       = {Texture Components and Euler Angles},
  institution = {Department of Materials Science and Engineering, Carnegie Mellon University},
  year        = {2020}
}

@techreport{Rollett2,
  author      = {A.D. Rollett},
  title       = {X-ray Texture Measurement, Pole Figures, High Energy Diffraction Microscopy},
  institution = {Department of Materials Science and Engineering, Carnegie Mellon University},
  year        = {2020}
}

@book{Cullity,
  author         = {B. D. Cullity and S. R Stock},
  editor         = {},
  title          = {Elements of X-Ray Diffraction- 3rd ed.},
  publisher      = {Prentice-Hall, New York},
  year           = {2001}
}
@manual{Bruker,
  title        = {Background: Texture Analysis by X-ray Diffraction},
  author       = {Bruker Corporation}
}


@techreport{Matthies,
  author      = {S. Matthies and H. R. Wenk},
  title       = {Optimization of Texture Measurements by Pole Figure Coverage with Hexagonal Grid},
  institution = {Department of Geology and Geophysics, University of California, Berkeley},
  year        = {1992}
}


@article{Rizzie,
  author          = {A. Rizzie and T. Watkins and E. Payzant},
  title           = {Elaboration on the Hexagonal Grid and Spiral Trace Schemes for Pole Figure Data Collection},
  journal         = {Powder Diffraction},
  volume          = {23},
  number          = {87-91. 10.1154/1.2919049.},
  year            = {2008}
}

@techreport{Cox,
  author      = {M.R. Cox and K.O. Findley and S. Chandramouleeswaran and A. Creuziger},
  title       = {Reducing the Effects of Texture on Phase Fraction Measurement of Retained Austenite Using X-Ray Diffraction},
  institution = {ASPPRC, Colorado School of Mines},
  year        = {2020}
}

@book{Bunge,
  author         = {H.J. Bunge},
  editor         = {},
  title          = {Texture Analysis in Materials Science, Digital Edition.},
  publisher      = {},
  year           = {Wolfratshausen, 2015}
}



@article{Holden,
  author          = {A.N Holden},
  title           = {A Spiral-Scanning X-Ray Reflection Goniometer for the Rapid Determination of Preferred Orientations},
  journal         = {The Review of Scientific Instruments},
  volume          = {24},
  number          = {1},
  year            = {1953}
}

@article{Lan1,
  author          = {B. Lan et al.},
  title           = {Direct volumetric measurement of crystallographic texture using acoustic waves},
  journal         = {Acta Materialia},
  volume          = {159},
  number          = {pp. 384-394},
  year            = {Oct. 2018}
}

@article{Lan2,
  author          = {B. Lan and M. J. S. Lowe and F. P. E. Dunne},
  title           = {A generalized spherical harmonic deconvolution to obtain texture of cubic materials from ultrasonic wave speed},
  journal         = {Journal of the Mechanics and Physics of Solids},
  volume          = {83},
  number          = {pp. 221–242},
  year            = {Oct. 2015}
}